@article{RowanZellers,
  author       = {Rowan Zellers and
                  Yonatan Bisk and
                  Roy Schwartz and
                  Yejin Choi},
  title        = {{SWAG:} {A} Large-Scale Adversarial Dataset for Grounded Commonsense
                  Inference},
  journal      = {CoRR},
  volume       = {abs/1808.05326},
  year         = {2018},
  url          = {http://arxiv.org/abs/1808.05326},
  eprinttype    = {arXiv},
  eprint       = {1808.05326},
  timestamp    = {Sat, 29 Apr 2023 10:09:28 +0200},
  biburl       = {https://dblp.org/rec/journals/corr/abs-1808-05326.bib},
  bibsource    = {dblp computer science bibliography, https://dblp.org}
}

@article{ZhichengHuang,
  author       = {Zhicheng Huang and
                  Zhaoyang Zeng and
                  Bei Liu and
                  Dongmei Fu and
                  Jianlong Fu},
  title        = {Pixel-BERT: Aligning Image Pixels with Text by Deep Multi-Modal Transformers},
  journal      = {CoRR},
  volume       = {abs/2004.00849},
  year         = {2020},
  url          = {https://arxiv.org/abs/2004.00849},
  eprinttype    = {arXiv},
  eprint       = {2004.00849},
  timestamp    = {Fri, 13 Aug 2021 14:56:28 +0200},
  biburl       = {https://dblp.org/rec/journals/corr/abs-2004-00849.bib},
  bibsource    = {dblp computer science bibliography, https://dblp.org}
}

@article{ChenSun,
  author       = {Chen Sun and
                  Austin Myers and
                  Carl Vondrick and
                  Kevin Murphy and
                  Cordelia Schmid},
  title        = {VideoBERT: {A} Joint Model for Video and Language Representation Learning},
  journal      = {CoRR},
  volume       = {abs/1904.01766},
  year         = {2019},
  url          = {http://arxiv.org/abs/1904.01766},
  eprinttype    = {arXiv},
  eprint       = {1904.01766},
  timestamp    = {Wed, 21 Oct 2020 08:21:23 +0200},
  biburl       = {https://dblp.org/rec/journals/corr/abs-1904-01766.bib},
  bibsource    = {dblp computer science bibliography, https://dblp.org}
}

@article{Anderson,
  author       = {Peter Anderson and
                  Xiaodong He and
                  Chris Buehler and
                  Damien Teney and
                  Mark Johnson and
                  Stephen Gould and
                  Lei Zhang},
  title        = {Bottom-Up and Top-Down Attention for Image Captioning and {VQA}},
  journal      = {CoRR},
  volume       = {abs/1707.07998},
  year         = {2017},
  url          = {http://arxiv.org/abs/1707.07998},
  eprinttype    = {arXiv},
  eprint       = {1707.07998},
  timestamp    = {Tue, 21 Feb 2023 13:37:04 +0100},
  biburl       = {https://dblp.org/rec/journals/corr/AndersonHBTJGZ17.bib},
  bibsource    = {dblp computer science bibliography, https://dblp.org}
}

@article{Hudson,
  author       = {Drew A. Hudson and
                  Christopher D. Manning},
  title        = {{GQA:} a new dataset for compositional question answering over real-world
                  images},
  journal      = {CoRR},
  volume       = {abs/1902.09506},
  year         = {2019},
  url          = {http://arxiv.org/abs/1902.09506},
  eprinttype    = {arXiv},
  eprint       = {1902.09506},
  timestamp    = {Tue, 21 May 2019 18:03:36 +0200},
  biburl       = {https://dblp.org/rec/journals/corr/abs-1902-09506.bib},
  bibsource    = {dblp computer science bibliography, https://dblp.org}
}

@article{XinleiChen,
  author       = {Xinlei Chen and
                  Hao Fang and
                  Tsung{-}Yi Lin and
                  Ramakrishna Vedantam and
                  Saurabh Gupta and
                  Piotr Doll{\'{a}}r and
                  C. Lawrence Zitnick},
  title        = {Microsoft {COCO} Captions: Data Collection and Evaluation Server},
  journal      = {CoRR},
  volume       = {abs/1504.00325},
  year         = {2015},
  url          = {http://arxiv.org/abs/1504.00325},
  eprinttype    = {arXiv},
  eprint       = {1504.00325},
  timestamp    = {Wed, 16 Oct 2019 16:31:45 +0200},
  biburl       = {https://dblp.org/rec/journals/corr/ChenFLVGDZ15.bib},
  bibsource    = {dblp computer science bibliography, https://dblp.org}
}

@article{vaswani,
  author       = {Ashish Vaswani and
                  Noam Shazeer and
                  Niki Parmar and
                  Jakob Uszkoreit and
                  Llion Jones and
                  Aidan N. Gomez and
                  Lukasz Kaiser and
                  Illia Polosukhin},
  title        = {Attention Is All You Need},
  journal      = {CoRR},
  volume       = {abs/1706.03762},
  year         = {2017},
  url          = {http://arxiv.org/abs/1706.03762},
  eprinttype    = {arXiv},
  eprint       = {1706.03762},
  timestamp    = {Sat, 23 Jan 2021 01:20:40 +0100},
  biburl       = {https://dblp.org/rec/journals/corr/VaswaniSPUJGKP17.bib},
  bibsource    = {dblp computer science bibliography, https://dblp.org}
}

@article{MingWeiChang,
  author       = {Jacob Devlin and
                  Ming{-}Wei Chang and
                  Kenton Lee and
                  Kristina Toutanova},
  title        = {{BERT:} Pre-training of Deep Bidirectional Transformers for Language
                  Understanding},
  journal      = {CoRR},
  volume       = {abs/1810.04805},
  year         = {2018},
  url          = {http://arxiv.org/abs/1810.04805},
  eprinttype    = {arXiv},
  eprint       = {1810.04805},
  timestamp    = {Tue, 30 Oct 2018 20:39:56 +0100},
  biburl       = {https://dblp.org/rec/journals/corr/abs-1810-04805.bib},
  bibsource    = {dblp computer science bibliography, https://dblp.org}
}

@article{YinhanLiu,
  author       = {Yinhan Liu and
                  Myle Ott and
                  Naman Goyal and
                  Jingfei Du and
                  Mandar Joshi and
                  Danqi Chen and
                  Omer Levy and
                  Mike Lewis and
                  Luke Zettlemoyer and
                  Veselin Stoyanov},
  title        = {RoBERTa: {A} Robustly Optimized {BERT} Pretraining Approach},
  journal      = {CoRR},
  volume       = {abs/1907.11692},
  year         = {2019},
  url          = {http://arxiv.org/abs/1907.11692},
  eprinttype    = {arXiv},
  eprint       = {1907.11692},
  timestamp    = {Thu, 14 Dec 2023 18:03:41 +0100},
  biburl       = {https://dblp.org/rec/journals/corr/abs-1907-11692.bib},
  bibsource    = {dblp computer science bibliography, https://dblp.org}
}